// TODO: Remove the sources that were in the template
@article{becker2008a,
  author = {Steffen Becker and Heiko Koziolek and Ralf Reussner},
  title = {{The Palladio Component Model for Model-driven Performance Prediction}},
  journal = {Journal of Systems and Software},
  year = {2009},
  volume = {82},
  pages = {3--22},
  doi = {10.1016/j.jss.2008.03.066},
  publisher = {Elsevier Science Inc.},
  url = {http://dx.doi.org/10.1016/j.jss.2008.03.066}
}

@article{mittelbach2014,
  author = {Frank Mittelbach},
  title = {How to influence the position of float environments like figure and table in \LaTeX?},
  journal = {TUGboat},
  year = {2014},
  volume = {35},
  pages = {248--254},
  url = {https://www.latex-project.org/publications/tb111mitt-float.pdf},
}

@inproceedings{chandrasekaran2020exploring,
  title={Exploring connections between active learning and model extraction},
  author={Chandrasekaran, Varun and Chaudhuri, Kamalika and Giacomelli, Irene and Jha, Somesh and Yan, Songbai},
  booktitle={29th USENIX Security Symposium (USENIX Security 20)},
  pages={1309--1326},
  year={2020}
}

@inproceedings{pal2020activethief,
  title={Activethief: Model extraction using active learning and unannotated public data},
  author={Pal, Soham and Gupta, Yash and Shukla, Aditya and Kanade, Aditya and Shevade, Shirish and Ganapathy, Vinod},
  booktitle={Proceedings of the AAAI Conference on Artificial Intelligence},
  volume={34},
  number={01},
  pages={865--872},
  year={2020}
}

@article{sener2017active,
  title={Active learning for convolutional neural networks: A core-set approach},
  author={Sener, Ozan and Savarese, Silvio},
  journal={arXiv preprint arXiv:1708.00489},
  year={2017}
}

@inproceedings{kim2021task,
  title={Task-aware variational adversarial active learning},
  author={Kim, Kwanyoung and Park, Dongwon and Kim, Kwang In and Chun, Se Young},
  booktitle={Proceedings of the IEEE/CVF Conference on Computer Vision and Pattern Recognition},
  pages={8166--8175},
  year={2021}
}

@article{mundt2020wholistic,
  title={A wholistic view of continual learning with deep neural networks: Forgotten lessons and the bridge to active and open world learning},
  author={Mundt, Martin and Hong, Yong Won and Pliushch, Iuliia and Ramesh, Visvanathan},
  journal={arXiv preprint arXiv:2009.01797},
  year={2020}
}

@inproceedings{juuti2019prada,
  title={PRADA: protecting against DNN model stealing attacks},
  author={Juuti, Mika and Szyller, Sebastian and Marchal, Samuel and Asokan, N},
  booktitle={2019 IEEE European Symposium on Security and Privacy (EuroS\&P)},
  pages={512--527},
  year={2019},
  organization={IEEE}
}

@article{orekondy2019prediction,
  title={Prediction poisoning: Towards defenses against dnn model stealing attacks},
  author={Orekondy, Tribhuvanesh and Schiele, Bernt and Fritz, Mario},
  journal={arXiv preprint arXiv:1906.10908},
  year={2019}
}

@inproceedings{tramer2016stealing,
  title={Stealing machine learning models via prediction $\{$APIs$\}$},
  author={Tram{\`e}r, Florian and Zhang, Fan and Juels, Ari and Reiter, Michael K and Ristenpart, Thomas},
  booktitle={25th USENIX security symposium (USENIX Security 16)},
  pages={601--618},
  year={2016}
}

@inproceedings{reith2019efficiently,
  title={Efficiently stealing your machine learning models},
  author={Reith, Robert Nikolai and Schneider, Thomas and Tkachenko, Oleksandr},
  booktitle={Proceedings of the 18th ACM workshop on privacy in the electronic society},
  pages={198--210},
  year={2019}
}

@article{danka2018modal,
  title={modAL: A modular active learning framework for Python},
  author={Danka, Tivadar and Horvath, Peter},
  journal={arXiv preprint arXiv:1805.00979},
  year={2018}
}

@inproceedings{gal2017deep,
  title={Deep bayesian active learning with image data},
  author={Gal, Yarin and Islam, Riashat and Ghahramani, Zoubin},
  booktitle={International Conference on Machine Learning},
  pages={1183--1192},
  year={2017},
  organization={PMLR}
}

@article{kirkpatrick2017overcoming,
  title={Overcoming catastrophic forgetting in neural networks},
  author={Kirkpatrick, James and Pascanu, Razvan and Rabinowitz, Neil and Veness, Joel and Desjardins, Guillaume and Rusu, Andrei A and Milan, Kieran and Quan, John and Ramalho, Tiago and Grabska-Barwinska, Agnieszka and others},
  journal={Proceedings of the national academy of sciences},
  volume={114},
  number={13},
  pages={3521--3526},
  year={2017},
  publisher={National Acad Sciences}
}

@inproceedings{aljundi2018memory,
  title={Memory aware synapses: Learning what (not) to forget},
  author={Aljundi, Rahaf and Babiloni, Francesca and Elhoseiny, Mohamed and Rohrbach, Marcus and Tuytelaars, Tinne},
  booktitle={Proceedings of the European Conference on Computer Vision (ECCV)},
  pages={139--154},
  year={2018}
}

@inproceedings{park2019continual,
  title={Continual learning by asymmetric loss approximation with single-side overestimation},
  author={Park, Dongmin and Hong, Seokil and Han, Bohyung and Lee, Kyoung Mu},
  booktitle={Proceedings of the IEEE/CVF International Conference on Computer Vision},
  pages={3335--3344},
  year={2019}
}

@article{lee2017overcoming,
  title={Overcoming catastrophic forgetting by incremental moment matching},
  author={Lee, Sang-Woo and Kim, Jin-Hwa and Jun, Jaehyun and Ha, Jung-Woo and Zhang, Byoung-Tak},
  journal={Advances in neural information processing systems},
  volume={30},
  year={2017}
}

@article{ash2019deep,
  title={Deep batch active learning by diverse, uncertain gradient lower bounds},
  author={Ash, Jordan T and Zhang, Chicheng and Krishnamurthy, Akshay and Langford, John and Agarwal, Alekh},
  journal={arXiv preprint arXiv:1906.03671},
  year={2019}
}

@article{ren2021survey,
  title={A survey of deep active learning},
  author={Ren, Pengzhen and Xiao, Yun and Chang, Xiaojun and Huang, Po-Yao and Li, Zhihui and Gupta, Brij B and Chen, Xiaojiang and Wang, Xin},
  journal={ACM computing surveys (CSUR)},
  volume={54},
  number={9},
  pages={1--40},
  year={2021},
  publisher={ACM New York, NY}
}

@inproceedings{lewis1995sequential,
  title={A sequential algorithm for training text classifiers: Corrigendum and additional data},
  author={Lewis, David D},
  booktitle={Acm Sigir Forum},
  volume={29},
  number={2},
  pages={13--19},
  year={1995},
  organization={ACM New York, NY, USA}
}


@inproceedings{gal2016dropout,
  title={Dropout as a bayesian approximation: Representing model uncertainty in deep learning},
  author={Gal, Yarin and Ghahramani, Zoubin},
  booktitle={international conference on machine learning},
  pages={1050--1059},
  year={2016},
  organization={PMLR}
}

@article{gepperth2016bio,
  title={A bio-inspired incremental learning architecture for applied perceptual problems},
  author={Gepperth, Alexander and Karaoguz, Cem},
  journal={Cognitive Computation},
  volume={8},
  number={5},
  pages={924--934},
  year={2016},
  publisher={Springer}
}

@techreport{settles.tr09,
  Author = {Burr Settles},
  Institution = {University of Wisconsin--Madison},
  Number = {1648},
  Title = {Active Learning Literature Survey},
  Type = {Computer Sciences Technical Report},
  Year = {2009}
}

@article{parisi2019continual,
  title={Continual lifelong learning with neural networks: A review},
  author={Parisi, German I and Kemker, Ronald and Part, Jose L and Kanan, Christopher and Wermter, Stefan},
  journal={Neural networks},
  volume={113},
  pages={54--71},
  year={2019},
  publisher={Elsevier}
}

//First reference of catastrophic forgetting
@incollection{mccloskey1989catastrophic,
  title={Catastrophic interference in connectionist networks: The sequential learning problem},
  author={McCloskey, Michael and Cohen, Neal J},
  booktitle={Psychology of learning and motivation},
  volume={24},
  pages={109--165},
  year={1989},
  publisher={Elsevier}
}

//Synaptic intelligence paper and reference for three categories of continual learning
@inproceedings{zenke2017continual,
  title={Continual learning through synaptic intelligence},
  author={Zenke, Friedemann and Poole, Ben and Ganguli, Surya},
  booktitle={International conference on machine learning},
  pages={3987--3995},
  year={2017},
  organization={PMLR}
}

// Hinton Knowledge distillation paper (used for functional regularization approaches in related work)
@article{hinton2015distilling,
  title={Distilling the knowledge in a neural network},
  author={Hinton, Geoffrey and Vinyals, Oriol and Dean, Jeff},
  journal={arXiv preprint arXiv:1503.02531},
  year={2015}
}

// Learning without forgetting used as an example of functional regularization in related work section
@article{li2017learning,
  title={Learning without forgetting},
  author={Li, Zhizhong and Hoiem, Derek},
  journal={IEEE transactions on pattern analysis and machine intelligence},
  volume={40},
  number={12},
  pages={2935--2947},
  year={2017},
  publisher={IEEE}
}

// Used as an example of functional regularization in related work section
@inproceedings{rannen2017encoder,
  title={Encoder based lifelong learning},
  author={Rannen, Amal and Aljundi, Rahaf and Blaschko, Matthew B and Tuytelaars, Tinne},
  booktitle={Proceedings of the IEEE International Conference on Computer Vision},
  pages={1320--1328},
  year={2017}
}


// Resnet paper as example for Computer Vision breakthroughs
@InProceedings{He_2016_CVPR,
author = {He, Kaiming and Zhang, Xiangyu and Ren, Shaoqing and Sun, Jian},
title = {Deep Residual Learning for Image Recognition},
booktitle = {Proceedings of the IEEE Conference on Computer Vision and Pattern Recognition (CVPR)},
month = {June},
year = {2016}
}

// GAN paper as example for Computer Vision breakthroughs
@article{goodfellow2014generative,
  title={Generative Adversarial Networks, 1--9},
  author={Goodfellow, IJ and Pouget-Abadie, J and Mirza, M and Xu, B and Warde-Farley, D and Ozair, S and Bengio, Y},
  journal={arXiv preprint arXiv:1406.2661},
  year={2014}
}

// CNN paper as example for Computer Vision breakthroughs
@ARTICLE{6795724,
  author={LeCun, Y. and Boser, B. and Denker, J. S. and Henderson, D. and Howard, R. E. and Hubbard, W. and Jackel, L. D.},
  journal={Neural Computation}, 
  title={Backpropagation Applied to Handwritten Zip Code Recognition}, 
  year={1989},
  volume={1},
  number={4},
  pages={541-551},
  doi={10.1162/neco.1989.1.4.541}
}

// Papernot et al. attack as example for model stealing
@inproceedings{papernot2017practical,
  title={Practical black-box attacks against machine learning},
  author={Papernot, Nicolas and McDaniel, Patrick and Goodfellow, Ian and Jha, Somesh and Celik, Z Berkay and Swami, Ananthram},
  booktitle={Proceedings of the 2017 ACM on Asia conference on computer and communications security},
  pages={506--519},
  year={2017}
}

// Example of property that can be stolen from third-party ML models
@inproceedings{shokri2017membership,
  title={Membership inference attacks against machine learning models},
  author={Shokri, Reza and Stronati, Marco and Song, Congzheng and Shmatikov, Vitaly},
  booktitle={2017 IEEE symposium on security and privacy (SP)},
  pages={3--18},
  year={2017},
  organization={IEEE}
}

// Example of property taht can be stolen from third-party ML models
@article{oh2019towards,
  title={Towards reverse-engineering black-box neural networks},
  author={Oh, Seong Joon and Schiele, Bernt and Fritz, Mario},
  journal={Explainable AI: Interpreting, Explaining and Visualizing Deep Learning},
  pages={121--144},
  year={2019},
  publisher={Springer}
}
