@misc{website:google,
  howpublished = {\url{https://www.google.de/}},
  author =       {Google Inc.},
  title =        {The google search engine.},
  year =         {2020},
  note = {visited February, 2020},
}
